@misc{b1,
  title = {{A simple guide to LaTeX - Step by Step}},
  howpublished = "\url{https://www.latex-tutorial.com}",
}
@misc{b2,
  title = {{LaTeX}},
  howpublished = "\url{https://pl.wikibooks.org/wiki/LaTeX}",
}
@misc{b3,
  title = {{Kurs LaTeX-a (kurs TeX-a) dla kazdego.}},
  howpublished = "\url{http://latex-kurs.x25.pl}",
}